@article{ref1,
             author = {John Clark},
             title = {Learn to use {\LaTeX}},
             journal = {LaTeX Journal},
             volume = {1},
             number = {1},
             year = {2014},
             pages = {1-2}
}
