@misc{PlantVillage,
    title = "{PlantVillage Dataset}",
    author = "{PlantVillage}",
    note = "{https://github.com/spMohanty/PlantVillage-Dataset}",
  }

@article{ref1,
	author = "{A. P. Tai, M. V. Martin, and C. L. Heald}",
	year = "{2014}",
	title = "{Threat to future global food security from climate change and ozone air pollution}",
	journal = "{Nat. Clim. Change}",
	volume = "{4}",
	number = "{9}",
	pages = "{817--821}",
	note = "{https://doi.org/10.1038/nclimate2317}",
}

@proceedings{ref2,
	title = "{Report of the Plenary of the Intergovernmental Science-PolicyPlatform on Biodiversity and Ecosystem Services on the work of its fourth session}",
	address = "{Kuala Lampur}",
	year = "{2016}",
	organization = "{Intergovernmental Science-Policy Platform on Biodiversity and Ecosystem Services Fourth session}",
	note = "{https://www.ipbes.net/event/ipbes-4-plenary}",
}

@article{ref3,
	author = "{R. N. Strange and P. R. Scott}",
	title = "{Plant Disease: A Threat to Global Food Security}",
	journal = "{Annual Review of Phytopathology}",
	volume = "{43}",
	number = "{1}",
	pages = "{83--116}",
	year = "{2005}",
	month = "{Sep.}",
	note = "{https://doi.org/10.1146/annurev.phyto.43.113004.133839}",
}

@proceedings{ref5,
	address = "{Rome}",
	note = "{https://www.ifad.org/documents/10180/666cac24-14b6-43c2-876d-9c2d1f01d5dd}",
	organization = "{UNEP, International Fund for Agricultural Development (IFAD)}",
	title = "{Smallholders, Food Security, and the Environment}",
	year = "{2013}",
}

@article{ref6,
	author = "{C. A. Harvey et al.}",
	title = "{Extreme vulnerability of smallholder farmers to agricultural risks and climate change in Madagascar}",
	journal = "{Philosophical Transactions of the Royal Society B: Biological Sciences}",
	volume = "{369}",
	number = "{1639}",
	pages = "{20130089--20130089}",
	month = "{Feb.}",
	year = "{2014}",
	note = "{https://doi.org/10.1098/rstb.2013.0089}",
}

@article{ref8,
	author = "{L. E. Ehler}",
	title = "{Integrated pest management (IPM): definition, historical development and implementation, and the other IPM}",
	journal = "{Pest Management Science}",
	year = "{2006}",
	volume = "{62}",
	number = "{9}",
	pages = "{787--789}",
	note = "{https://doi.org/10.1002/ps.1247}",
}

@proceedings{ref9,
	year = "{2015}",
	address = "{Geneva}",
	organization = "{International Telecommunication Union (ITU)}",
	title = "{ICT Facts and Figures – the World in 2015}",
	note = "{https://www.itu.int/en/ITU-D/Statistics/Documents/facts/ICTFactsFigures2015.pdf}",
}

@article{ref10,
	author = "{S. P. Mohanty, D. P. Hughes, and M. Salathé}",
	title = "{Using Deep Learning for Image-Based Plant Disease Detection}",
	journal = "{Frontiers in Plant Science}",
	volume = "{7}",
	pages = "{1419}",
	year = "{2016}",
	month = "{Sep.}",
	note = "{https://doi.org/10.3389/fpls.2016.01419}",
}

@article{ref11,
	author = {Brahimi, Med and Kamel, Boukhalfa and Moussaoui, Abdelouahab},
	journal = "{Applied Artificial Intelligence}",
	year = "{2017}",
	month = "{Apr.}",
	volume = "{31}",
	number = "{4}",
	pages = "{299--315}",
	title = "{Deep Learning for Tomato Diseases: Classification and Symptoms Visualization}",
	note = "{https://doi.org/10.1080/08839514.2017.1315516}",
}

@article{ref12,
	author = {Ramprasaath R. Selvaraju and Abhishek Das and Ramakrishna Vedantam and Michael Cogswell and Devi Parikh and Dhruv Batra},
	title = "{Grad-CAM: Visual Explanations from Deep Networks via Gradient-based Localization}",
	journal = "{CoRR}",
	volume = "{abs/1610.02391}",
	year = "{2016}",
	note = "{http://arxiv.org/abs/1610.02391}",
}

@article{ref13,
	author = {Matthew D. Zeiler and	Rob Fergus},
	title = "{Visualizing and Understanding Convolutional Networks}",
	journal = "{CoRR}",
	volume = "{abs/1311.2901}",
	year = "{2013}",
	note = "{http://arxiv.org/abs/1311.2901}",
}

@article{ref14,
	title = {PLANT DISEASE DETECTION TECHNIQUETOOL-A THEORETICAL APPROACH},
	author = {Reddy, Prajwala R and Divya, SN and Vijayalakshmi, Mrs R},
	journal = "{IJITR}",
	pages = "{91--93}",
	year = "{2015}",
}

@article{ref15,
	author = {Mahlein, Anne-Katrin and Oerke, E.-C and Steiner, Ulrike and Dehne, H.-W},
	year = "{2012}",
	month = "{May}",
	title = "{Recent advances in sensing plant diseases}",
	volume = "{133}",
	journal = "{European Journal of Plant Pathology}",
	note = "{https://doi.org/10.1007/s10658-011-9878-z}",
}

@article{ref16,
	author = {Meroni, Michele and Rossini, Micol and Picchi, Valentina and Panigada, Cinzia and Cogliati, Sergio and Nali, Cristina and Colombo, Roberto},
	title = "{Assessing Steady-state Fluorescence and PRI from Hyperspectral Proximal Sensing as Early Indicators of Plant Stress: The Case of Ozone Exposure}",
	journal = "{Sensors}",
	volume = "{8}",
	year = "{2008}",
	number = "{3}",
	pages = "{1740--1754}",
	note = "{https://doi.org/10.3390/s8031740}",
}

@article{ref17,
	author = {Liew, Oi Wah and Chong, Pek Ching Jenny and Li, Bingqing and Asundi, Anand K.},
	title = "{Signature Optical Cues: Emerging Technologies for Monitoring Plant Health}",
	journal = "{Sensors}",
	volume = "{8}",
	year = "{2008}",
	number = "{5}",
	pages = "{3205--3239}",
	note = "{https://doi.org/10.3390/s8053205}",
}

@article{ref18,
	author = {Mazarei, Mitra and Teplova, Irina and Hajimorad, M. Reza and Stewart, C. Neal},
	title = "{Pathogen Phytosensing: Plants to Report Plant Pathogens}",
	journal = "{Sensors}",
	volume = "{8}",
	year = "{2008}",
	number = "{4}",
	pages = "{2628--2641}",
	note = "{https://doi.org/10.3390/s8042628}",
}

@article{ref24,
	author = {Cortes, Corinna and Vapnik, Vladimir},
	title = "{Support-vector networks}",
	journal = "{Machine Learning}",
	year = "{1995}",
	month = "{Sep.}",
	volume = "{20}",
	number = "{3}",
	pages = "{273--297}",
	note = "{https://doi.org/10.1007/BF00994018}",
}

@article{ref25, 
	author = {T. Cover and P. Hart}, 
	journal = "{IEEE Transactions on Information Theory}",
	title = "{Nearest neighbor pattern classification}",
	year = "{1967}",
	volume = "{13}",
	number = "{1}",
	pages = "{21-27}",
	note = "{https://doi.org/10.1109/TIT.1967.1053964}",
	month = "{Jan.}",
}

@article{ref26,
	author = {Breiman, Leo},
	title = "{Random Forests}",
	journal = "{Machine Learning}",
	volume = "{45}",
	number = "{1}",
	month = "{Oct.}",
	year = "{2001}",
	pages = "{5--32}",
	note = "{https://doi.org/10.1023/A:1010933404324}",
}

@article{ref27,
	author = {T.R. Reed and J.M.H. Dubuf},
	title = "{A Review of Recent Texture Segmentation and Feature Extraction Techniques}",
	journal = "{CVGIP: Image Understanding}",
	volume = "{57}",
	number = "{3}",
	pages = "{359--372}",
	year = "{1993}",
	note = "{https://doi.org/10.1006/ciun.1993.1024}",
}

@incollection{ref28,
	title = "{ImageNet Classification with Deep Convolutional Neural Networks}",
	author = {Alex Krizhevsky and Sutskever, Ilya and Hinton, Geoffrey E},
	booktitle = "{Advances in Neural Information Processing Systems 25}",
	editor = "{F. Pereira and C. J. C. Burges and L. Bottou and K. Q. Weinberger}",
	pages = "{1097--1105}",
	year = "{2012}",
	publisher = "{Curran Associates, Inc.}",
	note = {http://papers.nips.cc/paper/4824-imagenet-classification-with-deep-convolutional-neural-networks.pdf}
}

@article{ref29,
	author = {LeCun, Yann and Bengio, Yoshua and Hinton, Geoffrey},
	title = "{Deep Learning}",
	journal = "{Nature}",
	volume = "{521}",
	pages = "{436–444}",
	year = "{2015}",
	note = "{https://doi.org/10.1038/nature14539}",
}

@article{ref30,
	author = "{Y. LeCun, L. Bottou, Y. Bengio, and P. Haffner}",
	title = "{Gradient-based learning applied to document recognition}",
	journal = "{Proceedings of the IEEE}",
	volume = "{86}",
	number = "{11}",
	pages = "{2278--2324"}",
	year = "{1998}",
	month = "{Nov.}",
	note = "{https://doi.org/10.1109/5.726791}",
}

@article{ref31,
	author = "{X. Glorot, Y. Bengio}",
	title = "{Understanding the difficulty of training deep feedforward neural networks}",
	journal = "{Proceedings of the thirteenth international conference on artificial intelligence and statistics}",
	pages = "{249-256}",
	year = "{2010}",
	note = "{http://proceedings.mlr.press/v9/glorot10a/glorot10a.pdf}",
}

@article{ref32,
	author = {Diederik P. Kingma, Jimmy Lei Ba},
	title = {ADAM: A METHOD FOR STOCHASTIC OPTIMIZATION},
	journal = "{international Conference on Learning Representations}",
	year = "{2015}",
	note = "{https://arxiv.org/pdf/1412.6980.pdf}",
}

@article{ref33,
	author = {Fuentes, Alvaro and Yoon, Sook and Kim, Sang Cheol and Park, Dong Sun},
	title = "{A Robust Deep-Learning-Based Detector for Real-Time Tomato Plant Diseases and Pests Recognition}",
	journal = "{Sensors}",
	volume = "{17}",
	year = "{2017}",
	number = "{9}",
	note = "{https://doi.org/10.3390/s17092022}",
}

@article{ref34,
	title = "{A systematic analysis of performance measures for classification tasks}",
	author = {Marina Sokolova and Guy Lapalme},
	journal = "{Information Processing \& Management}",
	volume = "{45}",
	number = "{4}",
	pages = "{427--437}",
	year = "{2009}",
	note = "{https://doi.org/10.1016/j.ipm.2009.03.002}",
}

@misc{imagenet,
	title = "{ImageNet dataset}",
	author = "{ImageNet}",
	note = "{www.image-net.org/}",
}
